
@misc{Allen2023,
  author = {Allen, T. and others},
  year = {2023},
  title = {Soybean Disease Loss Estimates from the United States and Ontario, Canada — 2022},
  howpublished = {\url{https://doi.org/10.31274/cpn-20230421-1}}
}

@misc{Cropwatch,
  author = {{CropWatch, University of Nebraska-Lincoln}},
  year = {n.d.},
  title = {Soybean Disease Management},
  note = {Retrieved April 28, 2025},
  howpublished = {\url{https://cropwatch.unl.edu/plant-disease/soybean/}}
}

@misc{farmjournal2025,
  author = {{Farm Journal}},
  year = {2025},
  title = {Soybean Blight: How to Identify Pythium, Phytophthora, Fusarium, and Rhizoctonia},
  howpublished = {\url{https://www.agweb.com/news/crops/how-identify-soybean-blight}}
}

@phdthesis{Mills2013,
  author = {Mills, E. D.},
  title = {Adjusting for Covariates in Zero-Inflated Gamma and Zero-Inflated Log-Normal Models},
  school = {University of Iowa},
  year = {2013}
}

@article{S_Navi2016,
  author = {Navi, S. and Rajasab, A.},
  title = {In Vitro Evaluation of Commercial Fungicides Against Major Soil-Borne Pathogens of Soybean},
  journal = {Journal of Plant Pathology \& Microbiology},
  volume = {7},
  number = {3},
  year = {2016},
  doi = {10.4172/2157-7471.1000340}
}

@article{Wei_2019,
   title={A zero-inflated gamma model for post-deconvolved calcium imaging traces},
   url={http://dx.doi.org/10.1101/637652},
   DOI={10.1101/637652},
   publisher={Cold Spring Harbor Laboratory},
   author={Wei, Xue-Xin and Zhou, Ding and Grosmark, Andres and Ajabi, Zaki and Sparks, Fraser and Zhou, Pengcheng and Brandon, Mark and Losonczy, Attila and Paninski, Liam},
   year={2019},
   month=may }
   
@article{sang_2023,
   title={Genome-wide association study on resistance of cultivated soybean to Fusarium oxysporum root rot in Northeast China},
   url={10.1186/s12870-023-04646-5},
   DOI={10.1101/637652},
   publisher={BMC Plant Biol},
   author={Sang, Y. Liu, X. Yuan, C. Yao, T. Li, Y. Wang, D. Zhao, H. and Wang, Y.},
   year={2023},
   month=Dec }

@article {Altalb_2009,
title = {EFFICACY OF CHEMICAL AND BIOLOGICAL TREATMENTS FOR CONTROLLING SOIL-BORNE PATHOGENS OF SOYBEAN},
url = {https://ajs.journals.ekb.eg/article_14844.html},
doi = {10.21608/ajs.2009.14844},
publisher = {Ain Shams University, Faculty of Agriculture},
journal = {Arab Universities Journal of Agricultural Sciences},
author = {Altalb, Ahmed Awad},
volume = {17},
number = {1},
pages = {163-173},
year  = {2009},
issn = {1110-2675}, 
eissn = {2636-3585}, 
eprint = {https://ajs.journals.ekb.eg/article_14844_0fa8bb8523a7acf7841651e0dd0a5502.pdf}
}   

@article{Gianessi_Reigner_2007, 
title={The Value of Herbicides in U.S. Crop Production}, 
volume={21}, 
DOI={10.1614/WT-06-130.1}, number={2}, 
journal={Weed Technology}, 
author={Gianessi, Leonard P. and Reigner, Nathan P.}, 
year={2007}, 
pages={559–566}
}

@misc{USA2025,
  author = {{USDA}},
  year = {2025},
  title = {Production - Soybeans},
  howpublished = {\url{https://www.fas.usda.gov/data/production/commodity/2222000}}
}

